@misc{Xu2018,
author={Selene Yue Xu},
title={Stock Price Forecasting Using Information from Yahoo Finance and
Google Trend},
year=2018,
url="https://www.econ.berkeley.edu/sites/default/files/Selene%20Yue%20Xu.pdf",
}

@article{Khanderwal2021, 
title={Stock Price Prediction Using ARIMA Model}, 
volume={2}, 
url={http://www.journal.jis-institute.org/index.php/ijmhrr/article/view/235},
number={2}, 
journal={International Journal of Marketing \& Human Resource Research}, author={Khanderwal, Supriti and Mohanty, Debasis}, 
year={2021}, 
month={04}, 
pages={98-107} 
}


@article{Vijh2020,
title = {Stock Closing Price Prediction using Machine Learning Techniques},
journal = {Procedia Computer Science},
volume = {167},
pages = {599-606},
year = {2020},
note = {International Conference on Computational Intelligence and Data Science},
issn = {1877-0509},
doi = {https://doi.org/10.1016/j.procs.2020.03.326},
url = {https://www.sciencedirect.com/science/article/pii/S1877050920307924},
author = {Mehar Vijh and Deeksha Chandola and Vinay Anand Tikkiwal and Arun Kumar},
keywords = {Random Forest Regression, Artificial Neural Network, Stock market prediction},
}

@INPROCEEDINGS{Aasi2021,
  author={Aasi, Bipin and Imtiaz, Syeda Aniqa and Qadeer, Hamzah Arif and Singarajah, Magdalean and Kashef, Rasha},
  booktitle={2021 IEEE International IOT, Electronics and Mechatronics Conference (IEMTRONICS)}, 
  title={Stock Price Prediction Using a Multivariate Multistep LSTM: A Sentiment and Public Engagement Analysis Model}, 
  year={2021},
  volume={},
  number={},
  pages={1-8},
  keywords={Mechatronics;Social networking (online);Mean square error methods;Predictive models;Market research;Internet of Things;Stock markets;forecasting;stock market;Tweets;Google;sentiment;LSTM;IoT Analytics},
  doi={10.1109/IEMTRONICS52119.2021.9422526}}
